<?xml version="1.0" encoding="UTF-8"?><collection xmlns="http://www.loc.gov/MARC21/slim"><record><leader>00363nam--2200133-i-4500</leader><controlfield tag="001">000039195</controlfield><controlfield tag="002">20161230</controlfield><controlfield tag="005">20161230201042</controlfield><controlfield tag="008">060222s1000------------r-----000-0-eng-d</controlfield><datafield ind1=" " ind2=" " tag="100"><subfield code="a">Roberts, J</subfield></datafield><datafield ind1=" " ind2=" " tag="245"><subfield code="a">High frequency applications of ferrites</subfield></datafield><datafield ind1=" " ind2=" " tag="260"><subfield code="a">London, The English Univ.Press, 1960, X + 166p</subfield></datafield><datafield ind1=" " ind2=" " tag="490"><subfield code="a">Electrical Engineering Series</subfield></datafield><datafield ind1=" " ind2=" " tag="852"><subfield code="a">16490</subfield></datafield></record></collection>